<record><leader>00000cas a22000007a 4500</leader><controlfield tag="001">11985205</controlfield><controlfield tag="008">850501d1858186uohuwr ne      0    0eng d</controlfield><datafield ind1=" " ind2=" " tag="010"><subfield code="a">sn 85025899 </subfield></datafield><datafield ind1=" " ind2=" " tag="040"><subfield code="a">NPX</subfield><subfield code="b">eng</subfield><subfield code="c">NPX</subfield><subfield code="d">DLC</subfield><subfield code="d">NPU</subfield><subfield code="d">ONP</subfield><subfield code="d">DLC</subfield><subfield code="d">ONP</subfield><subfield code="d">OCL</subfield><subfield code="d">OCLCF</subfield><subfield code="d">OCLCO</subfield></datafield><datafield ind1="1" ind2=" " tag="029"><subfield code="a">AU@</subfield><subfield code="b">000020233583</subfield></datafield><datafield ind1=" " ind2=" " tag="042"><subfield code="a">msc</subfield></datafield><datafield ind1="0" ind2=" " tag="130"><subfield code="a">Weekly Ohio State journal (Columbus, Ohio : 1858)</subfield></datafield><datafield ind1="0" ind2="0" tag="245"><subfield code="a">Weekly Ohio State journal.</subfield></datafield><datafield ind1="1" ind2="0" tag="246"><subfield code="a">Ohio State journal</subfield></datafield><datafield ind1=" " ind2=" " tag="260"><subfield code="a">Columbus, Ohio :</subfield><subfield code="b">Cooke &amp; Millers,</subfield><subfield code="c">1858-</subfield></datafield><datafield ind1=" " ind2=" " tag="300"><subfield code="a">v.</subfield></datafield><datafield ind1=" " ind2=" " tag="310"><subfield code="a">Weekly</subfield></datafield><datafield ind1="0" ind2=" " tag="362"><subfield code="a">Vol. 48, no. 35 (Nov. 30, 1858)-</subfield></datafield><datafield ind1=" " ind2=" " tag="580"><subfield code="a">Triweekly eds.: Tri-weekly Ohio State journal; and: Tri-weekly journal (Columbus, Ohio).</subfield></datafield><datafield ind1=" " ind2=" " tag="580"><subfield code="a">Daily eds.: Daily Ohio State journal (Columbus, Ohio : 1848), 1858-1865; and: Columbus morning journal, 1865-1866; and: Morning journal (Columbus, Ohio), 1866-186u.</subfield></datafield><datafield ind1=" " ind2="0" tag="651"><subfield code="a">Columbus (Ohio)</subfield><subfield code="v">Newspapers.</subfield></datafield><datafield ind1=" " ind2="0" tag="651"><subfield code="a">Franklin County (Ohio)</subfield><subfield code="v">Newspapers.</subfield></datafield><datafield ind1=" " ind2="7" tag="655"><subfield code="a">Newspapers.</subfield><subfield code="2">fast</subfield><subfield code="0">(OCoLC)fst01423814</subfield></datafield><datafield ind1=" " ind2="7" tag="651"><subfield code="a">Ohio</subfield><subfield code="z">Columbus.</subfield><subfield code="2">fast</subfield><subfield code="0">(OCoLC)fst01205076</subfield></datafield><datafield ind1=" " ind2="7" tag="651"><subfield code="a">Ohio</subfield><subfield code="z">Franklin County.</subfield><subfield code="2">fast</subfield><subfield code="0">(OCoLC)fst01209686</subfield></datafield><datafield ind1=" " ind2=" " tag="752"><subfield code="a">United States</subfield><subfield code="b">Ohio</subfield><subfield code="c">Franklin</subfield><subfield code="d">Columbus.</subfield></datafield><datafield ind1="1" ind2=" " tag="775"><subfield code="t">Tri-weekly Ohio State journal</subfield><subfield code="w">(DLC)sn 84028632</subfield></datafield><datafield ind1="1" ind2=" " tag="775"><subfield code="t">Tri-weekly journal (Columbus, Ohio)</subfield><subfield code="w">(DLC)sn 84028633</subfield></datafield><datafield ind1="1" ind2=" " tag="775"><subfield code="t">Daily Ohio State journal (Columbus, Ohio : 1848)</subfield><subfield code="w">(DLC)sn 84024216</subfield></datafield><datafield ind1="1" ind2=" " tag="775"><subfield code="t">Columbus morning journal</subfield><subfield code="w">(DLC)sn 84028628</subfield></datafield><datafield ind1="1" ind2=" " tag="775"><subfield code="t">Morning journal (Columbus, Ohio)</subfield><subfield code="w">(DLC)sn 84028629</subfield></datafield><datafield ind1="0" ind2="0" tag="780"><subfield code="t">Ohio State journal (Columbus, Ohio : 1849 : Weekly)</subfield><subfield code="w">(DLC)sn 85025898</subfield></datafield><datafield ind1="0" ind2="0" tag="785"><subfield code="t">Ohio State journal (Columbus, Ohio : 1867 : Weekly)</subfield><subfield code="w">(DLC)sn 88077801</subfield></datafield></record>